@book{gof_riferimento,
  added-at = {2010-06-05T16:40:25.000+0200},
  asin = {0201633612},
  author = {Gamma, Erich and Helm, Richard and Johnson, Ralph and Vlissides, John M.},
  biburl = {https://www.bibsonomy.org/bibtex/27e3f1154ab1fbce54752a46dba7f2217/pnk},
  description = {Amazon.com: Design Patterns: Elements of Reusable Object-Oriented Software (9780201633610): Erich Gamma, Richard Helm, Ralph Johnson, John M. Vlissides: Books},
  dewey = {005.12},
  ean = {9780201633610},
  edition = 1,
  interhash = {7fe32957be97afaf4ecb38b5490d23b4},
  intrahash = {7e3f1154ab1fbce54752a46dba7f2217},
  isbn = {0201633612},
  keywords = {DBIS Design Object-Oriented Patterns SS2010 Seminar Software},
  publisher = {Addison-Wesley Professional},
  timestamp = {2010-06-05T16:40:25.000+0200},
  title = {Design Patterns: Elements of Reusable Object-Oriented Software},
  year = 1994
}

@book{up-riferimento,
  added-at = {2010-12-04T15:26:07.000+0100},
  author = {Larman, Craig},
  howpublished = {Hardcover},
  interhash = {e75d1025193c08b127f3528e35780747},
  intrahash = {11aadac0d260c537be6d80a128712581},
  isbn = {0131489062},
  keywords = {toread},
  posted-at = {2010-10-23 20:40:11},
  priority = {2},
  publisher = {{Prentice Hall PTR}},
  timestamp = {2010-12-04T15:26:08.000+0100},
  title = {{Applying UML and Patterns : An Introduction to Object-Oriented Analysis and Design and Iterative Development (3rd Edition)}},
  year = 2004
}

@book{uml_riferimento,
  added-at = {2008-06-25T17:24:37.000+0200},
  asin = {0321193687},
  author = {Fowler, Martin},
  biburl = {https://www.bibsonomy.org/bibtex/242ad7bb9535c9d124dfd9cdd60c6964e/ist_spl},
  description = {Amazon.com: UML Distilled: A Brief Guide to the Standard Object Modeling Language (3rd Edition) (The Addison-Wesley Object Technology Series): Martin Fowler: Books},
  dewey = {005.117},
  ean = {9780321193681},
  edition = 3,
  interhash = {c0d37a97a586c0f008aba4d9c6a33c45},
  intrahash = {42ad7bb9535c9d124dfd9cdd60c6964e},
  isbn = {0321193687},
  keywords = {UML object-oriented},
  note = {MR: UML(2) schnell eingeführt },
  publisher = {Addison-Wesley Professional},
  timestamp = {2008-06-25T17:24:37.000+0200},
  title = {UML Distilled: A Brief Guide to the Standard Object Modeling Language (3rd Edition)},
  year = 2003
}

@book{elicitation_tools,
  author = {F. Landorno},
  note = {Tesi di laurea triennale},
  publisher = {{Università degli Studi di Torino}},
  title = {Requirements elicitation tool},
  year = 2018
}

@book{gof_sunt,
  author = {F. Guidi Polanco},
  publisher = {{Politecnico di Torino}},
  title = {Dispense sui design pattern GoF in Java},
  year = 2002
}

@book{github,
  added-at = {2010-06-05T16:40:25.000+0200},
  asin = {0201633612},
  author = {Marietti, Balbo Mossetto, Bouka and Pastori},
  url = {https://github.com/Balbone/ITFS---Design-Pattern-Exam},
  title = {GitHub repository for the Design Pattenrs exam project}
}