@book{java_book,
  author = {Walter Savitch},
  publisher = {Pearson},
  title = {Programmazione di base e avanzata con Java},
  year = 2014
}

@misc{java_lib,
  author = {Oracle},
  title = {Java Standard Library},
  url = {https://docs.oracle.com/javase/7/docs/api/}
}

@book{java,
  authors = {D. Magro, G. Torta, M. Baldoni, S. Tedeschi},
  publisher = {Universita' di Torino},
  title = {Programmazione II},
  year = 2022
}